<?xml version="1.0" encoding="UTF-8"?>
<OAI-PMH xmlns="http://www.openarchives.org/OAI/2.0/" xmlns:xsi="http://www.w3.org/2001/XMLSchema-instance" xsi:schemaLocation="http://www.openarchives.org/OAI/2.0/ http://www.openarchives.org/OAI/2.0/OAI-PMH.xsd">
<ListRecords>
<record>
<header status="updated">
<identifier>urm_publish:71294519150002121</identifier>
</header>
<metadata>
<record xmlns="http://www.loc.gov/MARC21/slim" xmlns:xsi="http://www.w3.org/2001/XMLSchema-instance" xsi:schemaLocation="http://www.loc.gov/MARC21/slim http://www.loc.gov/standards/marcxml/schema/MARC21slim.xsd" ><leader>01662mam a2200373 a 4500</leader><controlfield tag="005">19990604113142.0</controlfield><controlfield tag="008">910215t19911991nyu      b    001 0 eng  </controlfield><controlfield tag="001">999702362002121</controlfield><datafield tag="010" ind1=" " ind2=" "><subfield code="a">   91007206 //r92</subfield></datafield><datafield tag="015" ind1=" " ind2=" "><subfield code="a">GB91-63900</subfield></datafield><datafield tag="019" ind1=" " ind2=" "><subfield code="a">26894615</subfield></datafield><datafield tag="020" ind1=" " ind2=" "><subfield code="a">0275940179 (alk. paper)</subfield></datafield><datafield tag="035" ind1=" " ind2=" "><subfield code="a">(OCoLC)23219554</subfield></datafield><datafield tag="035" ind1=" " ind2=" "><subfield code="9">AQV1652UW</subfield></datafield><datafield tag="035" ind1=" " ind2=" "><subfield code="a">(WU)2621285-uwmadisondb</subfield></datafield><datafield tag="035" ind1=" " ind2=" "><subfield code="z">(OCoLC)26894615</subfield></datafield><datafield tag="040" ind1=" " ind2=" "><subfield code="a">DLC</subfield><subfield code="b">eng</subfield><subfield code="c">DLC</subfield><subfield code="d">CCH</subfield><subfield code="d">UKM</subfield><subfield code="d">WIH</subfield></datafield><datafield tag="043" ind1=" " ind2=" "><subfield code="a">n-us---</subfield></datafield><datafield tag="049" ind1=" " ind2=" "><subfield code="a">WIHA</subfield></datafield><datafield tag="050" ind1="0" ind2="0"><subfield code="a">BL2525</subfield><subfield code="b">.R64 1991</subfield></datafield><datafield tag="082" ind1="0" ind2="0"><subfield code="a">306.6/9165/0973</subfield><subfield code="2">20</subfield></datafield><datafield tag="245" ind1="0" ind2="4"><subfield code="a">The Role of religious organizations in social movements /</subfield><subfield code="c">edited by Barbara M. Yarnold.</subfield></datafield><datafield tag="264" ind1=" " ind2="1"><subfield code="a">New York :</subfield><subfield code="b">Praeger Publishers,</subfield><subfield code="c">[1991]</subfield></datafield><datafield tag="264" ind1=" " ind2="4"><subfield code="c">©1991</subfield></datafield><datafield tag="300" ind1=" " ind2=" "><subfield code="a">xii, 133 pages ;</subfield><subfield code="c">22 cm</subfield></datafield><datafield tag="336" ind1=" " ind2=" "><subfield code="a">text</subfield><subfield code="b">txt</subfield><subfield code="2">rdacontent</subfield></datafield><datafield tag="337" ind1=" " ind2=" "><subfield code="a">unmediated</subfield><subfield code="b">n</subfield><subfield code="2">rdamedia</subfield></datafield><datafield tag="338" ind1=" " ind2=" "><subfield code="a">volume</subfield><subfield code="b">nc</subfield><subfield code="2">rdacarrier</subfield></datafield><datafield tag="504" ind1=" " ind2=" "><subfield code="a">Includes bibliographical references (pages [115]-124) and index.</subfield></datafield><datafield tag="505" ind1="0" ind2=" "><subfield code="a">Public interest lobbies versus minority faction / Andrew S. McFarland -- The role of religious organizations in the U.S. sanctuary movement / Barbara M. Yarnold -- The role of religious organizations in the peace movement between the wars / William R. Marty -- The role of religious organizations in the gay and lesbian rights movement / Steven H. Haeberle -- The role of religious organizations in evangelical political activity : the moral majority and evangelicals for social action / Mel Hailey.</subfield></datafield><datafield tag="650" ind1=" " ind2="0"><subfield code="a">Religious institutions</subfield><subfield code="z">United States.</subfield><subfield code="2">LCSH</subfield><subfield code="0">41-LIBRARY_OF_CONGRESS-sh2010110668</subfield><subfield code="9">Y</subfield></datafield><datafield tag="650" ind1=" " ind2="0"><subfield code="a">Social movements</subfield><subfield code="z">United States.</subfield><subfield code="2">LCSH</subfield><subfield code="0">41-LIBRARY_OF_CONGRESS-sh2008111779</subfield><subfield code="9">Y</subfield></datafield><datafield tag="700" ind1="1" ind2=" "><subfield code="a">Yarnold, Barbara M.,</subfield><subfield code="d">1961-</subfield><subfield code="2">LCNAMES</subfield><subfield code="0">41-LIBRARY_OF_CONGRESS-n  90634244</subfield><subfield code="9">Y</subfield></datafield><datafield tag="997" ind1=" " ind2=" "><subfield code="a">MARCIVE</subfield></datafield><datafield tag="INST" ind1=" " ind2=" "><subfield code="a">01UWI_NETWORK</subfield><subfield code="b">P</subfield><subfield code="c">71294519150002121</subfield></datafield><datafield tag="INST" ind1=" " ind2=" "><subfield code="a">01UWI_MAD</subfield><subfield code="b">P</subfield><subfield code="c">21566218350002122</subfield></datafield><datafield tag="INST" ind1=" " ind2=" "><subfield code="a">01UWI_ML</subfield><subfield code="b">P</subfield><subfield code="c">21171319750002124</subfield></datafield><datafield tag="INST" ind1=" " ind2=" "><subfield code="a">01UWI_OSH</subfield><subfield code="b">P</subfield><subfield code="c">2173616660002126</subfield></datafield><datafield tag="AVA" ind1=" " ind2=" "><subfield code="0">9926212853602122</subfield><subfield code="8">22566218340002122</subfield><subfield code="a">01UWI_MAD</subfield><subfield code="b">MEMORIAL</subfield><subfield code="c">Stacks Regular Size Shelving</subfield><subfield code="d">BL2525 R64 1991</subfield><subfield code="e">available</subfield><subfield code="f">1</subfield><subfield code="g">0</subfield><subfield code="j">stk</subfield><subfield code="k">0</subfield><subfield code="p">1</subfield><subfield code="q">Memorial Library</subfield></datafield><datafield tag="AVA" ind1=" " ind2=" "><subfield code="0">9926212853602122</subfield><subfield code="8">22566218320002122</subfield><subfield code="a">01UWI_MAD</subfield><subfield code="b">WHSLIBRARY</subfield><subfield code="c">Stacks</subfield><subfield code="d">BL2525 R64 1991</subfield><subfield code="e">available</subfield><subfield code="f">1</subfield><subfield code="g">0</subfield><subfield code="j">stk</subfield><subfield code="k">0</subfield><subfield code="p">2</subfield><subfield code="q">Wisconsin Historical Society Library</subfield></datafield><datafield tag="AVA" ind1=" " ind2=" "><subfield code="0">998086073402124</subfield><subfield code="8">22171319740002124</subfield><subfield code="a">01UWI_ML</subfield><subfield code="b">MIL</subfield><subfield code="c">Stacks</subfield><subfield code="d">BL2525 R64 1991</subfield><subfield code="e">available</subfield><subfield code="f">1</subfield><subfield code="g">0</subfield><subfield code="j">stk</subfield><subfield code="k">0</subfield><subfield code="p">1</subfield><subfield code="q">UW Milwaukee</subfield></datafield><datafield tag="AVA" ind1=" " ind2=" "><subfield code="0">993275383502126</subfield><subfield code="8">2273616650002126</subfield><subfield code="a">01UWI_OSH</subfield><subfield code="b">OSH</subfield><subfield code="c">Books (A-E 2nd South, F-PN 2nd North, PQ-Z 3rd North)</subfield><subfield code="d">BL2525 .R64 1991</subfield><subfield code="e">unavailable</subfield><subfield code="f">1</subfield><subfield code="g">1</subfield><subfield code="j">main</subfield><subfield code="k">0</subfield><subfield code="p">1</subfield><subfield code="q">Polk Library</subfield></datafield><datafield tag="MMS" ind1=" " ind2=" "><subfield code="b">999702362002121</subfield><subfield code="a">01UWI_NETWORK</subfield></datafield><datafield tag="MMS" ind1=" " ind2=" "><subfield code="b">9926212853602122</subfield><subfield code="a">01UWI_MAD</subfield></datafield><datafield tag="MMS" ind1=" " ind2=" "><subfield code="b">998086073402124</subfield><subfield code="a">01UWI_ML</subfield></datafield><datafield tag="MMS" ind1=" " ind2=" "><subfield code="b">993275383502126</subfield><subfield code="a">01UWI_OSH</subfield></datafield></record>
</metadata>
</record>
</ListRecords>
</OAI-PMH>